@online{sky,
    author = "Grey Hautaluoma/Alana Johnson/Michael Buckley",
    title = "Far, Far Away in the Sky: New Horizons Kuiper Belt Flyby Object Officially Named 'Arrokoth'",
    year = "2019",
    url  = "https://www.nasa.gov/feature/far-far-away-in-the-sky-new-horizons-kuiper-belt-flyby-object-officially-named-arrokoth",
    addendum = "(accessed: 03.14.2020)",
}

@online{resonance,
    author = "Rodney Gomes",
    title = "Kuiper Belt Dynamics",
    year = "2012",
    url  = "http://www.scholarpedia.org/article/Kuiper_belt_dynamics",
    addendum = "(accessed: 03.14.2020)",
}

@online{kuiper,
    author = "Nola Taylor Redd",
    title = "The Kuiper Belt: Objects at the Edge of the Solar System",
    year = "April 30, 2019",
    url  = "https://www.space.com/16144-kuiper-belt-objects.html",
    addendum = "(accessed: 03.14.2020)",
}

