@book{abny,
    title = {The Code Book: The Science of Secrecy from Ancient Egypt to Quantum Cryptography},
    author = {Simon Singh},
    isbn = {9780385495325},
    year = {2000},
    publisher = {Anchor Books}
}

@online{MLB,
  author = {Martin Oberzalek},
  title = {Enigma - A Very Famous Story Of Cryptography},
  year = {2000},
  url = {http://www.mlb.co.jp/linux/science/genigma/enigma-referat/enigma-referat.html},
  urldate = {2020-03-20}
}

@online{cac,
  author = {Tony Sale},
  year = {2000},
  url = {https://www.codesandciphers.org.uk/enigma/enigma3.htm},
  urldate = {2020-03-20}
}
